<?xml version="1.0" encoding="UTF-8"?><collection xmlns="http://www.loc.gov/MARC21/slim"><record><leader>00579nam--2200193-i-4500</leader><controlfield tag="001">000043540</controlfield><controlfield tag="002">20161230</controlfield><controlfield tag="005">20161230201044</controlfield><controlfield tag="008">060222s1000------------r-----000-0-eng-d</controlfield><datafield ind1=" " ind2=" " tag="040"><subfield code="a">IFIN-HH</subfield></datafield><datafield ind1=" " ind2=" " tag="080"><subfield code="a">539.12.02:539.172.4</subfield></datafield><datafield ind1="1" ind2=" " tag="100"><subfield code="a">Strohmaier,B</subfield></datafield><datafield ind1="1" ind2="0" tag="245"><subfield code="a">Zaed evaluation of the cross-sections for the reactions</subfield><subfield code="c">B. strohmaier, s. tagesen, h. vonach</subfield></datafield><datafield ind1=" " ind2=" " tag="260"><subfield code="a">Karlsruhe</subfield><subfield code="b">Fachinformationszentrum</subfield><subfield code="c">1980</subfield></datafield><datafield ind1=" " ind2=" " tag="300"><subfield code="a">119 PAG.+DIF</subfield></datafield><datafield ind1=" " ind2=" " tag="490"><subfield code="a">Physik Data Physics Data 13-2 1980</subfield></datafield><datafield ind1="1" ind2=" " tag="700"><subfield code="a">Vonach, H</subfield></datafield><datafield ind1=" " ind2=" " tag="852"><subfield code="a">47445</subfield><subfield code="c">53.081</subfield></datafield><datafield ind1=" " ind2=" " tag="CAT"><subfield code="a">Sys</subfield><subfield code="c">20160404</subfield><subfield code="h">111330</subfield></datafield></record></collection>